<record><leader>00000cas a2200000 a 4500</leader><controlfield tag="001">14258431</controlfield><controlfield tag="008">860924d18961901ksuwr ne      0    0eng d</controlfield><datafield ind1=" " ind2=" " tag="010"><subfield code="a">sn 86064024 </subfield></datafield><datafield ind1=" " ind2=" " tag="040"><subfield code="a">KSH</subfield><subfield code="b">eng</subfield><subfield code="c">KSH</subfield><subfield code="d">NPT</subfield><subfield code="d">OCL</subfield><subfield code="d">OCLCQ</subfield></datafield><datafield ind1=" " ind2=" " tag="042"><subfield code="a">msc</subfield></datafield><datafield ind1="0" ind2=" " tag="130"><subfield code="a">Colony free press (Colony, Kan. : 1896)</subfield></datafield><datafield ind1="1" ind2="4" tag="245"><subfield code="a">The Colony free press.</subfield></datafield><datafield ind1="3" ind2="0" tag="246"><subfield code="a">Colony review</subfield></datafield><datafield ind1="1" ind2="7" tag="246"><subfield code="a">Free press</subfield></datafield><datafield ind1=" " ind2=" " tag="260"><subfield code="a">Colony, Kan. :</subfield><subfield code="b">Mid Shockey,</subfield><subfield code="c">-1901.</subfield></datafield><datafield ind1=" " ind2=" " tag="300"><subfield code="a">v. :</subfield><subfield code="b">ill. ;</subfield><subfield code="c">64 cm.</subfield></datafield><datafield ind1=" " ind2=" " tag="310"><subfield code="a">Weekly</subfield></datafield><datafield ind1="0" ind2=" " tag="362"><subfield code="a">-v. 20, no. 49 (Dec. 6, 1901).</subfield></datafield><datafield ind1="1" ind2=" " tag="362"><subfield code="a">Began in Oct. 1896.</subfield></datafield><datafield ind1=" " ind2=" " tag="500"><subfield code="a">Published as: Colony review, &lt;Nov. 5, 1897&gt;.</subfield></datafield><datafield ind1=" " ind2=" " tag="500"><subfield code="a">Publisher varies.</subfield></datafield><datafield ind1=" " ind2=" " tag="588"><subfield code="a">Description based on: Vol. 15, no. 44 (Oct. 23, 1896).</subfield></datafield><datafield ind1=" " ind2=" " tag="752"><subfield code="a">United States</subfield><subfield code="b">Kansas</subfield><subfield code="c">Anderson</subfield><subfield code="d">Colony.</subfield></datafield><datafield ind1="0" ind2="0" tag="780"><subfield code="t">Free press (Colony, Kan.)</subfield><subfield code="w">(DLC)sn 86064023</subfield></datafield><datafield ind1="0" ind2="0" tag="785"><subfield code="t">Free press (Colony, Kan. : 1901)</subfield><subfield code="w">(DLC)sn 86064025</subfield></datafield></record>